00606cas a22002411a 4500
001 9917737363502836
003 Nz
005 20161223172951.0
008 031219d19131915nz  r ne      0   0 eng d
035    $a (Nz)8133348
035    $a (OCoLC)276686451
035    $a (NLNZils)1773736
035    $a (NLNZils)1773736-ilsdb
040    $a WN $c WN
042    $a nznb
043    $a u-nz---
130 0  $a Bulletin (Auckland, N.Z.)
245 00 $a Bulletin.
260    $a Auckland [N.Z.]
310    $a Weekly
362 0  $a 1913 Jul.17-1915?
651  0 $a Auckland (N.Z.) $v Newspapers.
655  7 $a New Zealand newspapers. $2 local $5 Nz
